=LDR  01659cam a2200385 a 4500
=001  000002138
=005  20200614185214.0
=008  960412s1863\\\\nyu\\\\\\\\\\\000\0\eng\d
=035  \\$a(OCoLC)133316093$z(OCoLC)133316093
=035  \\$a(CStRLIN)PALR96-B473
=040  \\$aMWA$cAOX$dNHi$dZBK
=043  \\$an-us-sc$an-us---
=079  \\$a(OCoLC)6419651$z(OCoLC)23925017$z(OCoLC)477139999
=100  1\$aPierce, Edward Lillie,$d1829-1897.
=245  14$aThe freedmen of Port Royal, South-Carolina :$bofficial reports /$cof Edward L. Pierce.
=246  16$aNegroes at Port Royal, S.C.
=246  17$aRebellion Record, 1862. Documents
=260  \\$aNew-York :$bRebellion Record, 441 and 448 Broadway,$c1863.
=300  \\$a[301]-323, [1] p. ;$c25 cm.
=500  \\$aText printed in two columns.
=500  \\$aSigned at end: Edward L. Pierce, Special Agent of Treasury Department.
=500  \\$aLast page blank.
=510  4\$aLib. Company. Afro-Americana,$c8198
=510  4\$aSabin,$c62710
=510  4\$aWork,$cp. 367
=530  \\$aAlso available at BHS on microfiche.
=650  \0$aFreedmen$zSouth Carolina$zPort Royal.
=650  \0$aAfrican Americans$zSouth Carolina$zPort Royal.
=651  \0$aUnited States$xHistory$yCivil War, 1861-1865.
=651  \0$aUnited States$xRace relations.
=710  1\$aUnited States.$bDept. of the Treasury.
=710  2\$aRebellion Record (New York, N.Y.),$epublisher.
=797  2\$aSlavery Pamphlet Collection.$5NyBlHS
=752  \\$aUnited States$bNew York$dNew York.
=Z30  \\$mBOOK$1KBHS$ABrooklyn Historical Society$2SPCL$BSpecial Collections$jPAMP PierceEL-1$mNon-circulating$52138-30$f04$FLibrary Use Only$H004277561$0N

