=LDR  01024nam a2200277 a 4500
=001  000004374
=005  20200127124940.0
=008  830819s1983\\\\caua\\\\\\\\\\001\0\eng\\
=010  \\$a83177228
=020  \\$a0960485856 (pbk.) :$c{dollar}11.95
=020  \\$a9780960485857 (pbk.)
=035  \\$a(OCoLC)9894353$z(OCoLC)9847882
=040  \\$aDLC$cDLC$dOCL$dBTCTA$dNNU
=043  \\$an-us-ny$an-us-nj
=050  00$aF128.18$b.W87 1983
=079  \\$a(OCoLC)9894353
=082  00$a917.47/10443$219
=100  1\$aWurman, Richard Saul,$d1935-
=245  10$aNYC access /$cRichard Saul Wurman.
=246  3\$aNYCaccess
=260  \\$aLos Angeles, Calif. :$bAccessPress,$cc1983.
=300  \\$a241 p. :$bill. (some col.), maps (some col.) ;$c27 cm.
=500  \\$a"The guidebook to New York City & north New Jersey"--Cover.
=500  \\$aIncludes index.
=651  \0$aNew York (N.Y.)$vGuidebooks.
=Z30  \\$mBOOK$1KBHS$ABrooklyn Historical Society$2MAIN$BMain Collection$hF128.18$i.W87 1983$mNon-circulating$54374-20$f04$FLibrary Use Only$H005225687$0N

