=LDR  01988nam a2200421 a 4500
=001  000006039
=005  20200127135146.0
=008  061211s2007\\\\scuab\\\\b\\\\000\0deng\d
=010  \\$a2006940155
=020  \\$a9780738550046 (pbk.)
=020  \\$a0738550043 (pbk.)
=035  \\$a(OCoLC)154713233$z(OCoLC)154713233
=040  \\$aBTCTA$cBTCTA$dDLC$dBAKER$dIMF$dYDXCP$dNHi$dNyBIHS
=041  0\$aeng
=042  \\$alccopycat
=043  \\$an-us-ny
=050  \4$aF128K.62.B43$bK55 2007
=079  \\$a(OCoLC)154713233
=100  1\$aKelly, Wilhelmena Rhodes,$d1946-
=245  10$aBedford-Stuyvesant /$cWilhelmina Rhodes Kelly.
=260  \\$aCharleston, SC :$bArcadia Pub.,$cc2007.
=300  \\$a127 p. :$bill., maps ;$c24 cm.
=490  1\$aImages of America
=504  \\$aIncludes bibliographical references (p. 127).
=541  1\$cGift ;$aWilhelmena Rhodes Kelly ;$d2009.$5NyBlHS
=651  \0$aBrooklyn (New York, N.Y.)$xBuildings, structures, etc.$vPictorial works.
=651  \0$aBedford-Stuyvesant (New York, N.Y.)$xHistory$vPictorial works.
=651  \0$aBedford-Stuyvesant (New York, N.Y.)$vBiography$vPictorial works.
=651  \0$aBedford-Stuyvesant (New York, N.Y.)$xBuildings, structures, etc.$vPictorial works.
=651  \0$aNew York (N.Y.)$xHistory$vPictorial works.
=651  \0$aNew York (N.Y.)$vBiography$vPictorial works.
=651  \0$aNew York (N.Y.)$xBuildings, structures, etc.$vPictorial works.
=650  \0$aAfrican Americans$zNew York (State)$zNew York$xHistory$vPictorial works.
=650  \0$aHistoric buildings$zNew York (State)$zNew York$vPictorial works.
=830  \0$aImages of America.
=856  42$3Contributor biographical information$uhttp://www.loc.gov/catdir/enhancements/fy0733/2006940155-b.html
=856  42$3Publisher description$uhttp://www.loc.gov/catdir/enhancements/fy0728/2006940155-d.html
=Z30  \\$mBOOK$1KBHS$ABrooklyn Historical Society$2REF$BReference$hF129.B7$iK4 2007$mNon-circulating$56039-20$f04$FLibrary Use Only$H003872783$0N

