=LDR  01417cam a2200265 a 4500
=001  000011578
=005  20200614182424.0
=008  950123s1852\\\\nyu\\\\\\\\\\\000\0\eng\d
=035  \\$a(OCoLC)31869051$z(OCoLC)31869051
=040  \\$aNYG$cNYG$dOCL$dOCLCQ$dNHi
=043  \\$an-us-ny
=050  \4$aRa629.E93 R85 1852
=079  \\$a(OCoLC)886643758
=110  2\$aCemetery of the Evergreens (New York, N.Y.).$bTrustees.
=245  10$aRules and regulations of the Cemetery of the Evergreens :$btogether with a copy of the act of the legislature of the state of New York, to incorporate rural cemetery associations, passed April 27, 1847 : and a copy of the certificate filed in the office of the clerks of the counties of Kings and Queens.
=260  \\$aNew York :$bWm. C. Bryant & Co., printers,$c1852.
=300  \\$a30, [1] p., [5] leaves of plates (2 folded) :$bill., maps ;$c23 cm.
=651  \0$aCemetery of the Evergreens (New York, N.Y.)
=650  \0$aCemeteries$zNew York (State)$zNew York.
=650  \0$aCemeteries$xLaw and legislation$zNew York (State).
=651  \0$aBrooklyn (New York, N.Y.)$xHistory.
=651  \0$aBrooklyn (New York, N.Y.)$xGenealogy$vSources.
=710  2\$aWilliam C. Bryant & Co.$eprinter.
=752  \\$aUnited States$bNew York$dNew York.
=Z30  \\$mBOOK$1KBHS$ABrooklyn Historical Society$2CSTAC$BClosed Stacks$hRA629.E93$iR85 1852$mNon-circulating$511578-20$f04$FLibrary Use Only$H007807830$0N

