=LDR  00834nam a2200217   4500
=001  000012854
=005  20200127180532.0
=008  080219s2007\\\\nyu\\\\\\\\\\\000\0\eng\d
=020  \\$a9781576874134
=020  \\$a1576874133
=035  \\$a(OCoLC)213835922$z(OCoLC)213835922
=040  \\$aMNU$cMNU$dNNU
=050  \4$aBM225.N5$bR66 2007
=079  \\$a(OCoLC)970955022
=100  1\$aRoma, Thomas.
=245  00$aOn three pillars :$bTorah, worship, and the practice of loving kindness : the synagogues of Brooklyn.
=250  \\$a1st ed.
=260  \\$aBrooklyn, NY :$bPowerHouse Books,$c2007.
=300  \\$a111 p. of plates ;$c38 cm.
=650  \0$aSynagogues$zNew York (State)$zNew York$xPictorial works.
=Z30  \\$mBOOK$1KBHS$ABrooklyn Historical Society$2FOLIO$BFolio$hBM225.N5$iR66 2007$mNon-circulating$512854-30$f04$FLibrary Use Only$H005086483$0N

