=LDR  01082cam a2200277 a 4500
=001  000214220
=005  20071120111124.0
=008  050307s2005\\\\ilu\\\\\\b\\\\001\0\eng\\
=010  \\$a2005045128
=020  \\$a1931666105 (alk. paper)
=035  \\$a(NYU)NYUb13185768
=035  9\$aNYUb13185768
=040  \\$aDLC$cDLC
=050  00$aCD986.5$b.P75 2005
=079  \\$a(OCoLC)58478348
=082  00$a323.44/83$222
=245  00$aPrivacy and confidentiality perspectives :$barchivists and archival records /$cedited, with an introduction, by Menzi L. Behrnd-Klodt & Peter J. Wosh.
=260  \\$aChicago :$bSociety of American Archivists,$c2005.
=300  \\$avii, 391 p. :$bill. ;$c23 cm.
=504  \\$aIncludes bibliographical references and index.
=650  \0$aArchives$xAccess control.
=650  \0$aArchives$xLaw and legislation.
=650  \0$aPrivacy, Right of.
=700  1\$aBehrnd-Klodt, Menzi L.
=700  1\$aWosh, Peter J.
=Z30  \\$mBOOK$1KBHS$ABrooklyn Historical Society$2STAFR$BStaff Reference$hCD986.5$i.P75 2005$mNon-circulating$5214220-30$f04$FLibrary Use Only$H005325214$0N

