=LDR  01187cem a2200313 a 4500
=001  000220291
=005  20200228225718.0
=007  ad^canzn
=008  050722s2005\\\\nyu\\\\\\\a\\\\\0\\\eng\d
=020  \\$a0805078428 (pbk.)
=034  0\$aa
=035  \\$a(OCoLC)61126230
=040  \\$aUMC$cUMC$dNNU
=043  \\$an-us-ny
=050  \4$aF128.3$b.H65 2005
=079  \\$a(OCoLC)977738720
=100  1\$aHomberger, Eric.
=245  14$aThe historical atlas of New York City :$ba visual celebration of nearly 400 years of New York City's history /$cEric Homberger.
=250  \\$aRev. and updated [ed.].
=255  \\$aScale not given.
=260  \\$aNew York :$bHenry Holt,$cc2005.
=300  \\$a1 atlas (192 p.) :$bill. (chiefly col.), col. maps ;$c28 cm.
=500  \\$a"A Owl book."
=504  \\$aIncludes bibliographical references and index.
=655  \7$aHistorical maps.$2aat
=651  \0$aNew York (N.Y.)$xHistory.
=651  \0$aNew York (N.Y.)$xHistory$vMaps.
=651  \0$aNew York (N.Y.)$xHistory$vPictorial works.
=Z30  \\$mMAP$1KBHS$ABrooklyn Historical Society$2ATLAS$BAtlas$jNYC-2005.A$mNon-circulating$5N11844460$4reclass from new books Box24;$f04$FLibrary Use Only$H002461719$0N

