=LDR  01205cgm a22002652a 4500
=001  000276232
=005  20200301075033.0
=007  vf^cbahou
=008  061116s1997\\\\xx\051\g\\\\\\\\\\vleng\d
=040  \\$aNyBlHs
=079  \\$a(OCoLC)82369965
=090  \\$aGV875.B7$bB766 1997
=245  04$aThe Brooklyn Dodgers$h[videorecording] :$ba team that changed America ; produced and directed by Jonathan Stack.
=260  \\$a[S.l.] :$bLegend Film Works,$cc1997.
=300  \\$a1 videocassette (51 min.) :$bsd., col. ;$c1/2 in. +$e1 booklet (53 p.)
=538  \\$aVHS.
=500  \\$aTitle from container.
=508  \\$aCo-producer & co-director: James Brabazon.
=505  0\$aModule 1: Brooklyn in the fifties (13:04 min.) -- module 2: The Jackie Robinson story (21:16 min.) -- module 3: The Character of a winner (16:47 min.)
=600  10$aRobinson, Jackie,$d1919-1972.
=610  20$aBrooklyn Dodgers (Baseball team)
=650  \0$aBaseball$zNew York (State)$zNew York$xHistory.
=655  \0$aVideocassettes.
=710  2\$aLegend Film Works.
=Z30  \\$mVIDEO$1KBHS$ABrooklyn Historical Society$2REFD$BReference - Desk$hGV875.B7$iB766 1997$mNon-circulating$5N11858573$4reclass from Desk Ref;$f08$FReference$H002499525$0N

