=LDR  00929nam a2200241   4500
=001  000372229
=005  20200303090431.0
=008  880524s1688\\\\ne\\\\\\\\\\\\000\0\lat\u
=010  \\$a16002717
=035  \\$a(MnU)001603221
=035  \\$a(CStRLIN)MNUGAGY0855-B
=040  \\$aMnU$beng$cCaOTULAS
=050  \4$aZ1003.A1$bS2
=079  \\$a(OCoLC)932635449
=090  \\$a028$bSa3
=100  1\$aSaldenus, Guilielmus,$d1627-1694.
=245  10$aGuiljelmi Saldeni ... :$bde libris varioque eorum usu et abusu libri duo : cum indicibus necessariis.
=260  \\$aAmstelodami :$bex officina Henrici et viduae Theodori Boom,$c1688.
=300  \\$a[32], 437, [51] p. ;$c16 cm.
=500  \\$aAdded title-page, engraved.
=650  \0$aBooks.
=650  \0$aBooks and reading.
=Z30  \\$mBOOK$1KBHS$ABrooklyn Historical Society$2RARE$BRare Books$hZ1003.A1$iS2 1688$mNon-circulating$5N11852819$4Reclass from Vault Sa315;$f04$FLibrary Use Only$H002744067$0N

