=LDR  00984caa a22002414a 4500
=001  000405583
=005  20061026160031.0
=007  he^bmb---baca
=008  970813s1968\\\\nyuac\\\b\\\\\000\0deng\d
=035  \\$a(OCoLC)37460699
=040  \\$aZBK$cZBK
=043  \\$an-us-ny
=050  \4$aTG25.N53$bW52 1968
=079  \\$a(OCoLC)37460699
=245  00$aWhat price progress?$h[microform].
=300  \\$ap. 4-9 :$bill., port. ;$c28 cm.
=500  \\$aTitle from caption.
=533  \\$aMicrofiche.$b[Brooklyn, N.Y. :$cBrooklyn Historical Society,$d1975?]$e1 microfiche : negative.
=651  \0$aBrooklyn Bridge (New York, N.Y.)$xDesign and construction.
=600  10$aRoebling, Washington Augustus,$d1837-1926.
=600  10$aRoebling, John Augustus,$d1806-1869.
=773  0\$7nnas$tRensselaer review.$gVol. 5, no. 3 (September, 1968)$x0486-3984$w(OCoLC)25532499
=Z30  \\$mBOOK$1KBHS$ABrooklyn Historical Society$2MFORM$BMicroform$hMicrofiche 2$mNon-circulating$5N11832675$f05$FMicroform$H002853516$0N

