=LDR  00996cam a22002414  4500
=001  000407695
=005  20200304070527.0
=008  820127s1939\\\\ilu\\\\\\\\\\\000\0\eng\\
=010  \\$a39026343
=035  \\$a(OCoLC)8097557
=040  \\$aDLC$cVIC$dVIC$dOCLCQ
=050  0\$aZ1215$b.H68 1939
=079  \\$a(OCoLC)8097557
=082  \\$a010.2
=110  2\$aHistorical Records Survey (U.S.).
=245  10$aAmerican imprints inventory.$bThe Historical Records Survey, Division of Women's and Professional Projects, Works Progress Administration. Manual of procedure.
=250  \\$a4th ed., January, 1939.
=260  \\$aChicago,$bHistorical Records Survey,$c1939.
=300  \\$a48 numb. l.$billus.$c28 cm.
=500  \\$aCover title.
=500  \\$aMimeographed: cover printed.
=650  \0$aBibliography$xMethodology.
=Z30  \\$mBOOK$1KBHS$ABrooklyn Historical Society$2CBDSK$BConservation / Bindery - Desk$hZ1215$i.H68 1939$mNon-circulating$5N11835365$4reclass from Desk Ref;$f04$FLibrary Use Only$H002871104$0N

