=LDR  03586nem a2200673 a 4500
=001  000412636
=005  20170309144330.0
=007  ay^canzn
=008  830201s1964\\\\nyu\\\\\\\a\\\\\1\\\eng\\
=010  \\$a83690536
=034  1\$aa$b2500$dW0735111$eW0735002$fN0404530$gN0404414
=034  1\$aa$b37600$dW0740140$eW0734519$fN0405221$gN0403920
=035  9\$aNYUb13396981
=035  \\$a(OCoLC)ocm09532548
=040  \\$aDLC$cDLC$dOCL$dOCLCQ
=043  \\$an-us-ny
=050  00$aG3804.N4:2N4A3 1964$b.B6
=052  \\$a3804$bN4:2N4
=079  \\$a(OCoLC)9532548
=100  1\$aBollmann, Hermann,$d1911-
=245  10$aNew York World's Fair 1964/1965 :$bofficial souvenir map /$cmap of the fair created by Herman Bollmann of Pictorial Maps Inc. for Time Inc. ; by the editors of Time-Life Books.
=246  34$aOfficial souvenir map : New York World's Fair 1964/1965
=246  3\$aSouvenir map : New York World's Fair 1964/1965
=246  1\$iBinder's spine title:$aFair reports 1964$5NyBlHS
=255  \\$aScale approximately 1:2500$c(W 73°51ʹ11ʺ--W 73°50ʹ02ʺ/N 40°45ʹ30ʺ--N 40°44ʹ14ʺ)
=255  \\$aScale approximately 1:37600$c(W 74°01ʹ40ʺ--W 73°45ʹ19ʺ/N 40°52ʹ21ʺ--N 40°39ʹ20ʺ)
=264  \1$aNew York :$bTime Inc.,$c1964.
=264  \4$cc1964
=300  \\$a2 maps on one sheet :$bboth sides, color ;$con sheet 85 x 67 cm, folded into cover 24 x 13 cm
=336  \\$acartographic image$bcri$2rdacontent
=337  \\$aunmediated$bn$2rdamedia
=338  \\$asheet$bnb$2rdacarrier
=500  \\$aBird's eye view of the Fairgrounds showing pavilions and pathways. Also shows the locations of the Long Island Railroad and subway stations, charter bus parking lot, and the Long Island, Van Wyck, and Grand Central expressways.
=500  \\$aRoad map covers Manhattan, northern Brooklyn, and Queens. Shows streets and roads, Long Island Railroad, BMT, IRT and IND subway line routes and stops near the Fair.
=500  \\$aCover title.
=500  \\$aMap of the Fair created by Hermann Bollmann of Pictorial Maps Inc. for Time Inc.
=500  \\$aIncludes inset map and index to pavilions.
=500  \\$aInset: World's Fair area in detail.
=505  0\$aOfficial souvenir map, New York World's Fair, 1964/1965 -- The approaches to the Fair.
=500  \\$aBHS copy 1 bound with 1964 World's Fair reports, volume 1.$5NyBlHS
=500  \\$aBHS flat map originally part of the collection of Everett and Evelyn Ortner papers and photographs (ARC.306).$5NyBlHS
=611  20$aNew York World's Fair$d(1964-1965)$vAerial views.
=611  20$aNew York World's Fair$d(1964-1965)$vMaps.
=650  \0$aExhibitions$zNew York (State)$zNew York$vAerial views.
=650  \0$aTransportation$zNew York (State)$zNew York$vMaps.
=650  \0$aLocal transit$zNew York (State)$zNew York$vMaps.
=650  \0$aRoads$zNew York (State)$zNew York$vMaps.
=650  \0$aSubways$zNew York (State)$zNew York$vMaps.
=651  \0$aFlushing (New York, N.Y.)$vMaps.
=651  \0$aQueens (New York, N.Y.)$vMaps.
=655  \7$aThematic maps.$2lcgft
=655  \7$aRoad maps.$2lcgft
=655  \7$aTransportation maps.$2lcgft
=655  \7$aTourist maps.$2lcgft
=655  \7$aAerial views.$2lcgft
=710  2\$aTime, inc.
=LKR  \\$aITM$b000412389$lNYU50
=Z30  \\$mBOOK$1KBHS$ABrooklyn Historical Society$2CSTAC$BClosed Stacks$hT786 1964.L1$iF3 1964$mNon-circulating$5N11840356$f04$FLibrary Use Only$H002918863$0Y
=Z30  \\$mMAP$1KBHS$ABrooklyn Historical Society$2FLMAP$BFlat Maps$jQ-1964-1965a.Fl$mNon-circulating$5412636-10$f04$FLibrary Use Only$H006264713$0N

