=LDR  01991cem a22003852a 4500
=001  000424144
=005  20190905163527.0
=007  aj^canzn
=008  061110s1889\\\\nyu\\\\\\\a\\\\\0\\\eng\d
=034  1\$aa$dW0735558$eW0735104$fN0404148$gN0403744
=035  9\$aNYUb13408638
=035  \\$a(NYU)NYUb13408638
=040  \\$aNyBlHs$cZBK
=043  \\$an-us-ny
=052  \\$a3804$bN4:3B8$bN4:2C9$bN4:2E17$bN4:2C25$bN4
=110  2\$aJ.B. Beers & Co.
=245  10$aFarm & property line map of Twenty-sixth Ward of Brooklyn /$ccompiled and published by J.H. Beers & Co.
=246  3\$aFarm and property line map of Twenty-sixth Ward of Brooklyn
=255  \\$aScale [1:6,000]. 500 ft. to 1 in.$cW 73°55'58"-W 73°51'04"/N 40°41'48"-N 40°37'44"
=260  \\$aN.Y. :$bJ.B. Beers & Co.,$c1889.
=300  \\$a1 map :$bhand col., dissected, mounted on linen and pasted into cover ;$c100 x 81 cm., folded to 40 x 33 cm.
=500  \\$aCadastral map covering area north from E. 98th St. to Sapphire St. and east from Cypress Hills Cemetery to Jamaica Bay (modern-day Cypress Hills, East New York, and Canarsie). Shows property, names of landowners, street monuments, elevated railroads, and obsolete street names.
=500  \\$aOriented with north to the upper left.
=500  \\$a"The outlines of Maps on file in the Registers office are shown by colors."
=500  \\$aBHS copy conserved in 2019.
=500  \\$aIncludes key.
=651  \0$aBrooklyn (New York, N.Y.)$vMaps.
=651  \0$aCypress Hills (New York, N.Y.)$vMaps.
=651  \0$aEast New York (New York, N.Y.)$vMaps.
=651  \0$aCanarsie (New York, N.Y.)$vMaps.
=650  \0$aFarms$zNew York (State)$zNew York$vMaps.
=650  \0$aReal property$zNew York (State)$zNew York$vMaps.
=650  \0$aLandowners$zNew York (State)$zNew York$vMaps.
=655  \7$aCadastral maps.$2lcgft
=Z30  \\$mMAP$1KBHS$ABrooklyn Historical Society$2FDMAP$BFolded Maps$jB P-1889.Fd.Folio$mNon-circulating$5424144-20$f04$FLibrary Use Only$H004276562$0N

