=LDR  04850npcaa2200457 u 4500
=001  003775677
=005  20130716095513.0
=008  120410i19051925xx\\\\\\\\\\\\\\\\\\eng\d
=024  7\$a(NyBlHS)1973.084$2nnu-at
=035  \\$a(NyBlHS)261-20130323
=040  \\$aNyBlHS$beng$cNyBlHS$edacs
=041  0\$aeng
=043  \\$an-us-ny
=079  \\$a(OCoLC)853607546
=099  \\$a1973.084
=245  00$aFrancis V. Morrell's Recollections of Old Williamsburgh,$fcirca 1915.
=300  \\$a0.1 linear feet (in one folder )
=351  \\$bThis manuscript is in one folder, in one manuscript box, in the order imposed by the creator.
=500  \\$aProcessing Information: Manuscript processed by Robyn Hjermstad in December 2010.
=506  \\$aOpen to researchers without restriction.
=540  \\$aMaterial in this collection is in the public domain.
=541  0\$aThere is no information on the provenance of this manuscript, only that it was a gift.
=545  \\$aFrancis Vandervoort Morrell (1844-1922) grew up in the city of Williamsburgh (now Williamsburg, Brooklyn); his written manuscript herein describes the people and places of his childhood. Morrell's father, by the same name, was a wealthy man of Williamsburgh. While he spent some years in the insurance industry, Morrell's interest in genealogy led him to compile numerous genealogies later in life, such as The ancestry and posterity of Cornelius Henry Tiebout of Brooklyn (1910), and the Genealogy of the Meserole family of Greenpoint (1915).
=555  \\$aFinding Aid Available Online:$uhttp://dlib.nyu.edu/findingaids/html/bhs/arms_1973_084_francis_morrell/
=546  \\$aMaterials in English.
=520  3\$aFrancis V. Morrell's manuscript "Recollections of Old Williamsburgh" (circa 1915) contains colorful descriptions of the social, economic, geographic, and built environments of the city of Williamsburgh (now Williamsburg, Brooklyn) during the mid-nineteenth century. Morrell's memoir includes entries on various residents of Williamsburgh, especially in the context of their occupations as druggist, school teacher, etc.
=520  2\$aFrancis V. Morrell's manuscript "Recollections of Old Williamsburgh" describes the social, economic, geographic, and built environments of old Williamsburgh, Brooklyn during the mid-nineteenth century. This memoir-like document is organized around 24 separate topics, including Williamsburgh Village, Williamsburgh City, schools, ferries, shipyards, storekeepers and businessmen, and a cannon named Old Sal. Morrell's recollections describe in detail the layout of the financial area of Williamsburgh, centered around Woodhull Street and City Hall; as well as surrounding villages such as Bedford and Bushwick. Also included herein are many detailed descriptions of townspeople, some of whom were non-white residents of the city, such as "Happy Jack," a middle-aged African American man whose moving services were often called upon by the people of Williamsburgh and whose "whistle could be heard at all times." Also included herein is an illustrated entry for "The Fountain Inn," the principal meeting place of the city for political and leisurely activities. Morrell outlines the layout of the streets of Williamsburgh along with many of the prominent businesses on Grand, 2nd, 4th, and Woodhull Streets. Numerous descriptions are included of storekeepers in Williamsburgh, highlighting their specialties and location, such as Atwater, the druggist who sold Morrell and his childhood friends molasses peppermint sticks. Among the other townspeople described in this manuscript are Jonathan S. Burr, Richard Laycroft, Noah Waterbury, and Honey in the Comb. Entries for the Williamsburgh Gazette and the Bushwick Church are also included. Morrell also includes a rough list, based on a published pamphlet, of townspeople whose homes had the highest value.
=600  10$aMorrell, Francis Vandervoort,$d1844-1922.
=650  \0$aAfrican Americans$zNew York (State)$zKings County.
=650  \0$aPublic schools$zNew York (State)$zKings County.
=650  \0$aShipyards$zNew York (State)$zKings County.
=651  \0$aBrooklyn (New York, N.Y.)$xBuildings, structures, etc.
=651  \0$aBrooklyn (New York, N.Y.)$xChurch history.
=651  \0$aBrooklyn (New York, N.Y.)$xHistory.
=651  \0$aBrooklyn (New York, N.Y.)$xSocial conditions$y19th century.
=651  \0$aBrooklyn (New York, N.Y.)$xSocial life and customs$y19th century.
=651  \0$aWilliamsburg (New York, N.Y.)
=655  \7$aMemoirs.$2aat
=700  1\$aMorrell, Francis Vandervoort,$d1844-1922,$ecreator.
=856  42$yFinding aid online$uhttp://dlib.nyu.edu/findingaids/html/bhs/arms_1973_084_francis_morrell/
=Z30  \\$mMIXED$1KBHS$ABrooklyn Historical Society$2ARMS$BArchives - Manuscripts$j1973.084$mNon-circulating$5000027343$f04$FLibrary Use Only$H004630251$0N

